<collection xmlns="http://www.loc.gov/MARC21/slim">
<record>
  <leader>01876nam0a22003011i 450 </leader>
  <controlfield tag="001">IT\ICCU\CNCE\075471</controlfield>
  <controlfield tag="005">20120907000000.0</controlfield>
  <datafield tag="012" ind1=" " ind2=" ">
    <subfield code="a">l-i. nir- i,o- dila (3) 1584 (A)</subfield>
    <subfield code="2">fei</subfield>
  </datafield>
  <datafield tag="100" ind1=" " ind2=" ">
    <subfield code="a">20101109d1584        0itac0103    ba</subfield>
  </datafield>
  <datafield tag="101" ind1=" " ind2=" ">
    <subfield code="a">ITA</subfield>
  </datafield>
  <datafield tag="102" ind1=" " ind2=" ">
    <subfield code="a">GB</subfield>
  </datafield>
  <datafield tag="200" ind1="1" ind2=" ">
    <subfield code="a">Atto della giustitia d&apos;Inghilterra, esseguito per la conseruatione della commune &amp; christiana pace, contra alcuni seminatori di discordie, &amp; seguaci de ribelli, &amp; nemici del reame, &amp; non per niuna persecutione, che fosse lor fatta, per cangiar della religione si come  ̈stato falsamente pubblicato da difensori &amp; sostentatori della costoro ribellione, &amp; tradimento. Traslato dall&apos;inglese in vulgare da chi desidera che gli italiani conoscano, quanto i romori, sparti artificiosamente per tutta Italia dell&apos;atto sopraddetto sieno bugiardi, &amp; falsi ...</subfield>
  </datafield>
  <datafield tag="210" ind1=" " ind2=" ">
    <subfield code="a">Londra</subfield>
    <subfield code="c">appresso Giouanni Vuolfio</subfield>
    <subfield code="d">1584</subfield>
  </datafield>
  <datafield tag="215" ind1=" " ind2=" ">
    <subfield code="a">115, \1! p.</subfield>
    <subfield code="d">8ʻ</subfield>
  </datafield>
  <datafield tag="300" ind1=" " ind2=" ">
    <subfield code="a">Il nome dell&apos;autore si ricava da Short-title catalogue of books printed in Italy and of Italian books printed in other countries from 1465 to 1600 now in the British Library</subfield>
  </datafield>
  <datafield tag="620" ind1=" " ind2=" ">
    <subfield code="a">GB</subfield>
    <subfield code="d">Londra</subfield>
  </datafield>
  <datafield tag="700" ind1=" " ind2="1">
    <subfield code="a">Cecil,</subfield>
    <subfield code="b">William</subfield>
    <subfield code="3">IT\ICCU\CNCA\029353</subfield>
  </datafield>
  <datafield tag="712" ind1="0" ind2="0">
    <subfield code="a">Wolf, John</subfield>
    <subfield code="3">IT\ICCU\CNCT\000723</subfield>
    <subfield code="4">650</subfield>
  </datafield>
  <datafield tag="790" ind1=" " ind2="1">
    <subfield code="a">Burghley,</subfield>
    <subfield code="b">William Cecil</subfield>
    <subfield code="3">IT\ICCU\CNCA\029354</subfield>
    <subfield code="z">Cecil, William</subfield>
  </datafield>
  <datafield tag="791" ind1="0" ind2="0">
    <subfield code="a">Melagrano, Giovanni Andrea del</subfield>
    <subfield code="3">IT\ICCU\CNCT\002952</subfield>
    <subfield code="z">Wolf, John</subfield>
  </datafield>
  <datafield tag="791" ind1="0" ind2="0">
    <subfield code="a">Pernetto, Giovanni Vincenzo del</subfield>
    <subfield code="3">IT\ICCU\CNCT\002953</subfield>
    <subfield code="z">Wolf, John</subfield>
  </datafield>
  <datafield tag="791" ind1="0" ind2="0">
    <subfield code="a">Volfeo, Giovanni</subfield>
    <subfield code="3">IT\ICCU\CNCT\004173</subfield>
    <subfield code="z">Wolf, John</subfield>
  </datafield>
  <datafield tag="791" ind1="0" ind2="0">
    <subfield code="a">Vuolfio, Giovanni</subfield>
    <subfield code="3">IT\ICCU\CNCT\005769</subfield>
    <subfield code="z">Wolf, John</subfield>
  </datafield>
  <datafield tag="791" ind1="0" ind2="0">
    <subfield code="a">Wolfio, Giovanni</subfield>
    <subfield code="3">IT\ICCU\CNCT\005770</subfield>
    <subfield code="z">Wolf, John</subfield>
  </datafield>
  <datafield tag="791" ind1="0" ind2="0">
    <subfield code="a">Wolfe, John</subfield>
    <subfield code="3">IT\ICCU\CNCT\005771</subfield>
    <subfield code="z">Wolf, John</subfield>
  </datafield>
  <datafield tag="801" ind1=" " ind2="3">
    <subfield code="a">IT</subfield>
    <subfield code="b">ICCU</subfield>
    <subfield code="c">20201115</subfield>
  </datafield>
  <datafield tag="899" ind1=" " ind2=" ">
    <subfield code="a">Biblioteca nazionale Vittorio Emanuele III. Napoli</subfield>
    <subfield code="1">NA0079</subfield>
    <subfield code="2">NAP BN</subfield>
  </datafield>
  <datafield tag="899" ind1=" " ind2=" ">
    <subfield code="a">British Library. London</subfield>
    <subfield code="1">UK0001</subfield>
  </datafield>
</record>
</collection>
